1980 3281
861 50 876 66 ³
937 59 1018 104 ἐτ

939 148 1023 206 ‹ss

129 317 253 381 tet,
271 304 580 370 tenebatur
603 299 792 370 miles.
875 303 1015 371 Dux
1036 323 1232 388 neque
1254 289 1539 370 occasioni
1558 307 1652 382 rei
1672 294 1825 368 ben&

131 391 412 470 gerendae
468 387 694 460 deerat,
748 387 916 466 siqua
968 389 1043 447 ab
1092 389 1259 448 hoste
1312 389 1571 459 daretur,
1628 403 1827 467 neque

132 470 318 531 ullam
343 469 473 547 ipse
500 467 654 529 hosti
679 468 870 528 dabat.
949 468 1389 530 Frumentatum
1431 469 1667 528 exeunti
1713 471 1827 526 An-

135 547 316 610 nibali
356 558 720 628 opportunus
764 549 988 620 aderat,
1033 568 1236 625 agmen
1267 566 1538 627 carpens,
1568 549 1834 626 palantes

133 631 460 708 excipiens.
545 627 634 688 lta
659 647 738 690 ex
763 629 995 690 levibus
1014 628 1233 707 praeliis
1254 633 1528 706 superior
1544 625 1832 696 discessit,

129 709 497 789 militemque
537 709 716 788 coepit
757 711 938 770 minus
967 708 1095 788 jam
1136 717 1237 770 aut
1279 709 1507 770 virtutis
1547 727 1692 780 suae,
1734 709 1835 764 aut

127 789 384 850 sortunae
413 789 721 868 poenitere.
1152 825 1154 828 <

217 869 328 928 His
378 871 598 930 artibus
641 868 984 932 Annibalem
1036 869 1247 932 Fabius
1288 869 1350 931 in
1394 889 1535 949 agro
1578 869 1837 930 Falerno

130 951 502 1022 incluserat3
545 950 648 1009 sed
689 951 791 1010 ille
831 951 1073 1012 callidus
1100 951 1227 1012 sine
1254 953 1373 1012 ullo
1401 951 1689 1012 exercitus
1732 949 1837 1007 de-

134 1030 414 1090 trimento
439 1049 506 1090 se
555 1029 874 1106 expedivit.
959 1032 1187 1108 Nempe
1228 1032 1389 1092 arida
1414 1039 1703 1094 sarmenta
1732 1030 1835 1088 bo-

135 1127 244 1170 um
296 1110 568 1172 cornibus
623 1109 902 1186 alligavit,
956 1129 1149 1189 eaque
1197 1111 1481 1191 principio
1523 1111 1705 1172 noctis
1746 1108 1835 1168 in-

136 1188 382 1266 cendit3
427 1195 614 1246 metus
662 1187 902 1250 flammae
944 1191 1263 1250 relucentis
1306 1209 1383 1248 ex
1422 1191 1613 1270 capite
1656 1191 1839 1249 boves

135 1269 315 1330 velut
357 1269 674 1328 stimulatos
711 1267 914 1330 furore
957 1271 1185 1348 agebat.
1269 1267 1349 1330 Hi
1391 1291 1531 1348 ergo
1577 1268 1839 1349 accensis

136 1347 419 1437 cornibus
448 1367 560 1426 per
585 1358 834 1422 montes,
864 1369 976 1428 per
1016 1349 1209 1428 sylvas
1247 1351 1359 1410 buc
1386 1351 1521 1412 illuc
1548 1349 1839 1408 discurre-

135 1427 311 1490 bant.
369 1427 652 1499 Romani,
686 1429 784 1508 qui
827 1429 898 1488 ad
935 1428 1357 1508 speculandum
1396 1439 1843 1498 concurrerant,

136 1508 426 1570 miraculo
454 1510 678 1568 attoniti
706 1509 1131 1583 constiterunt3
1173 1511 1299 1592 ipse
1346 1511 1561 1570 Fabius
1606 1509 1843 1569 insidias

135 1608 280 1651 esse
323 1599 506 1660 ratus,
534 1587 749 1651 milites
777 1595 946 1651 extra
972 1589 1189 1653 vallum
1220 1591 1420 1671 egredi
1454 1589 1656 1651 vetuit.
1746 1589 1843 1649 In-

137 1674 312 1731 terea
357 1670 602 1729 Annibal
643 1690 718 1731 ex
762 1670 1039 1751 angustiis
1084 1672 1285 1734 evasit.
1374 1673 1527 1731 Dein
1572 1670 1841 1739 Annibal.

134 1758 210 1811 ut
252 1752 434 1811 Fabio
472 1750 624 1828 apud
667 1770 802 1811 suos
839 1752 1409 1823 crearet-invidiam,
1448 1770 1648 1829 agrum
1690 1750 1846 1828 ejus,

133 1831 410 1893 omnibus
439 1831 597 1893 circi
626 1829 882 1903 vastatis,
908 1835 1188 1895 intactum
1224 1833 1499 1912 reliquit;
1542 1840 1598 1891 at
1629 1831 1842 1890 Fabius

136 1930 379 1973 omnem
419 1912 494 1969 ab
535 1930 600 1969 se
643 1912 1035 1993 suspicionem
1081 1913 1477 1993 propulsavit;
1521 1931 1650 1971 nam
1696 1929 1844 1969 eun-

143 1992 282 2052 dem
309 2010 511 2069 agrum
539 1990 820 2065 vendidit,
847 1992 1093 2074 ejusque
1117 1996 1310 2075 pretio
1338 1992 1599 2073 captivos
1630 1989 1843 2051 Roma-

137 2090 253 2131 nos
281 2074 550 2133 redemit.
889 2074 894 2076 ’
949 2072 956 2079 ’

230 2150 402 2213 Haud
427 2159 594 2229 grata
619 2158 810 2215 tamen
839 2160 970 2214 erat
996 2152 1271 2215 Romanis
1301 2152 1469 2213 Fabii
1510 2152 1799 2215 cunctatio
1824 2174 1843 2225 ;

144 2248 402 2309 eumque
432 2252 542 2311 pro
571 2242 742 2293 cauto
770 2234 1053 2305 timidum,
1083 2254 1190 2312 pro
1217 2234 1583 2296 considerato
1602 2252 1847 2310 segnem

150 2309 500 2372 vocitabant.
584 2316 850 2390 Augebat
907 2314 1184 2375 invidiam
1231 2313 1519 2374 Minucius
1571 2316 1849 2391 magister

153 2389 418 2465 equitum
456 2392 798 2454 dictatorem
825 2394 1229 2455 criminando:
1272 2394 1439 2455 illum
1478 2396 1535 2454 in
1578 2394 1845 2453 ducendo

150 2466 316 2527 bello
341 2479 569 2549 tempus
597 2482 821 2545 terere,
851 2476 970 2554 quo
999 2475 1207 2536 diutius
1228 2474 1284 2534 in
1314 2474 1646 2552 magistratu
1666 2480 1847 2543 esset,
1956 2482 1958 2549 ξ

151 2549 432 2629 solusque
461 2562 520 2611 et
548 2550 748 2624 Romae
777 2565 838 2615 et
864 2556 926 2616 in
954 2556 1222 2616 exercitu
1245 2554 1553 2633 imperium
1578 2555 1848 2613 baberet.

155 2628 266 2689 His
297 2632 661 2693 sermonibus
703 2654 948 2696 accensa
989 2636 1155 2714 plebs
1199 2634 1467 2696 dictatori
1514 2632 1847 2709 magistrum

1954 2570 1959 2654 Q

153 2710 418 2789 equitum
472 2712 720 2789 imperio
771 2716 1066 2795 aequavit·
1142 2718 1330 2791 Quam
1372 2712 1641 2792 injuriam
1681 2727 1849 2791 aequo
1954 2722 1956 2763 :

153 2794 347 2853 animo
374 2792 507 2852 tulit
548 2792 784 2865 Fabius,
829 2798 1268 2875 exercitumque
1297 2812 1466 2853 suum
1493 2812 1623 2851 cum
1657 2792 1849 2851 Minu-

153 2873 248 2933 cio
276 2873 487 2933 divisit.
574 2874 769 2945 Quum
795 2879 997 2955 postea
1022 2876 1315 2938 Minucius
1338 2874 1561 2933 temere
1581 2872 1852 2949 praelium

140 2954 560 3035 commisisset,
610 2955 670 3017 ei
711 2956 1066 3039 periclitanti
1120 2954 1336 3016 auxilio
1386 2954 1547 3017 venit
1610 2945 1843 3010 Fabius.

1951 2784 1956 2913 l

1949 2914 1957 3085 1
