1980 3281
730 1 825 7 .,-,
858 0 1060 18 -η-ἾἾ
1089 1 1100 4 -

907 131 1096 188 59ἲ

91 294 327 366 annuit,
371 293 473 353 sed
513 286 684 353 fidem
717 310 830 354 nec
857 289 1001 350 dare
1042 307 1153 349 nec
1180 287 1474 367 accipere,
1516 289 1627 351 nisi
1657 305 1793 351 cum

101 373 235 454 ipso
284 389 478 435 coram
524 375 673 432 duce
725 371 989 430 Romano
1034 370 1265 429 voluitd
1320 371 1511 447 Scipio
1537 372 1710 445 igitur
1736 371 1798 429 in

101 455 361 516 Africam
389 454 639 530 trajecit.
724 453 897 510 Forte
929 450 1149 522 incidit,
1179 459 1245 508 ut
1272 469 1345 509 eo
1374 451 1501 527 ipso
1528 463 1795 528 tempore

98 536 390 594 Asdrubal
433 535 500 592 ad
551 535 800 593 eundem
843 540 1074 609 portum
1122 531 1474 607 appelleret,
1517 531 1797 608 Syphacis

99 614 410 678 amicitiam
440 613 663 688 pariter
696 617 1003 690 petiturus.
1087 611 1353 687 Uterque
1373 613 1404 668 a
1424 629 1565 686 rege
1588 615 1645 670 in
1666 612 1798 670 hos-

97 696 306 775 pitium
351 693 644 752 invitatus.
729 693 1035 750 Coenatum
1064 693 1233 750 simul
1272 693 1423 768 apud
1460 707 1659 766 regem
1686 695 1798 759 est,

99 783 166 835 et
194 777 402 834 eodem
446 775 597 832 lecto
627 773 820 849 Scipio
851 780 1029 848 atque
1064 772 1343 831 Asdrubal
1376 771 1797 830 accubuerunt.

101 854 298 913 Tanta
327 863 521 912 autem
552 854 742 912 inerat
767 855 1007 912 comitas
1038 852 1312 929 Scipioni,
1342 859 1541 910 utnon
1572 851 1798 928 Sypha-

97 954 234 994 eem
265 935 589 1004 modo,‚sed
621 935 794 992 etiam
837 933 1065 988 hostem
1094 931 1539 990 infensissimum
1584 931 1798 990 Asdru-

93 1014 299 1072 balem
325 1015 432 1072 sibi
475 1011 894 1072 conciliaverit.
983 1011 1198 1088 Scipio,
1240 1010 1463 1070 foedere
1505 1012 1621 1070 icto
1662 1027 1798 1071 cum

101 1093 401 1172 Syphace,
431 1093 488 1150 in
521 1091 858 1167 Hispaniam
879 1089 949 1146 ad
973 1091 1293 1148 exercitum
1322 1091 1515 1149 rediit.

186 1171 492 1229 Masinissa
541 1189 774 1248 quoque
823 1167 1129 1226 amicitiam
1177 1187 1310 1227 cum
1358 1170 1627 1245 Scipione
1660 1172 1799 1250 jun-

99 1269 252 1328 gere
272 1251 606 1327 jamdudum
633 1250 924 1326 cupiebat.
1001 1250 1196 1320 Quare
1237 1250 1306 1306 ad
1351 1268 1485 1307 eum
1526 1259 1645 1309 tres
1680 1253 1799 1311 Nu-

96 1332 387 1392 midarum
431 1329 724 1406 principes
769 1329 942 1398 misit,
978 1331 1050 1388 ad
1080 1339 1307 1406 tempus
1337 1331 1647 1408 locumque
1676 1333 1799 1391 col-

101 1410 304 1487 loquio
331 1409 718 1470 statuendum.
806 1409 963 1466 Duos
992 1429 1099 1487 pro
1137 1409 1431 1469 obsidibus
1483 1412 1724 1470 retineri
1764 1413 1801 1470 ὲ

100 1489 622 1568 Scipione‘voluit,
664 1491 904 1549 remisso
953 1491 1149 1558 tertio,
1192 1491 1292 1568 qui
1336 1489 1695 1550 Masinissam
1738 1493 1801 1551 in

98 1571 299 1629 locum
327 1570 696 1628 constitutum
728 1571 1063 1628 adduceret.
1150 1571 1347 1648 Scipio
1392 1581 1453 1632 et
1498 1571 1801 1630 Masinissa

97 1670 236 1712 oum
265 1650 466 1727 paucis
495 1650 554 1707 in
593 1648 945 1727 colloquium
986 1660 1295 1710 venerunt.
1380 1653 1639 1729 Ceperat
1673 1654 1800 1731 jam

101 1730 235 1789 ante
267 1730 630 1787 Masinissam
657 1749 730 1788 ex
759 1730 906 1789 fama
949 1748 1150 1789 rerum
1178 1742 1469 1807 gestarum
1498 1731 1799 1791 admiratio

97 1810 354 1879 viri,sed
378 1808 563 1885 major
580 1812 884 1886 praesentis
915 1812 1217 1869 veneratio
1244 1813 1403 1889 cepit
1430 1834 1443 1871 ε
1490 1820 1616 1871 erat
1645 1813 1801 1872 enim

99 1890 166 1949 in
193 1890 358 1949 vultu
385 1888 564 1947 multa
593 1890 860 1967 majestas
888 1912 902 1961 3
947 1892 1265 1949 accedebat
1294 1894 1573 1970 promissa
1618 1912 1799 1951 caesa-

99 1969 248 2035 ries,
280 1970 622 2047 habitusque
651 1970 916 2046 corporis
946 1987 1061 2027 non
1105 1972 1295 2030 cultus
1340 1972 1650 2042 munditiis,
1695 1974 1800 2031 sed

98 2048 288 2108 virilis
323 2051 464 2107 vere
509 2068 577 2108 ac
603 2050 889 2119 militaris,
919 2052 979 2107 e't
1009 2050 1220 2109 floreus
1256 2052 1521 2129 juventa.
1616 2054 1803 2131 Prope

102 2128 375 2187 attonitus
406 2129 534 2204 ipso
563 2148 878 2206 congressu
911 2131 1159 2188 Numida
1186 2134 1397 2207 gratias
1427 2133 1500 2189 de
1531 2132 1647 2191 fflio
1684 2132 1798 2192 fra·

101 2206 209 2266 tris
240 2209 480 2267 remisso
527 2209 683 2285 agit:
731 2208 970 2269 affirmat
1013 2228 1077 2268 se
1124 2228 1197 2267 ex
1240 2230 1315 2268 eo
1350 2218 1615 2289 tempore
1666 2231 1797 2271 eam

103 2285 438 2362 quaesivisse
483 2289 870 2358 occasionem,
915 2308 1087 2366 quam
1133 2291 1363 2348 tandem
1409 2294 1657 2352 oblatam
1685 2312 1800 2351 non

103 2365 408 2436 omiserit;
445 2386 669 2445 cupere
697 2388 764 2427 se
806 2368 890 2427 illi
922 2379 983 2425 et
1010 2368 1225 2445 populo
1271 2369 1527 2431 Romano
1557 2390 1799 2450 operam

105 2462 350 2503 navare.
431 2446 623 2509 Laetus
651 2468 788 2508 eum
829 2447 1026 2525 Scipio
1054 2448 1293 2520 audivit,
1325 2463 1497 2530 atque
1526 2454 1583 2511 in
1610 2470 1799 2511 socie-

106 2532 290 2583 tatem
320 2528 562 2603 recepit.
747 2586 750 2591 ,
811 2564 826 2584 .
1250 2540 1253 2547 ·
1298 2548 1316 2562 ‘

157 2616 164 2625 ·
189 2602 387 2679 Scipio
415 2606 618 2665 deinde
663 2608 906 2669 Romam
934 2610 1128 2678 rediit,
1152 2618 1213 2669 et
1233 2621 1365 2671 ante
1396 2630 1575 2670 annos
1596 2610 1801 2670 consul

103 2684 294 2745 factus
323 2690 430 2741 est.
517 2686 583 2744 Ei
607 2688 800 2747 Sicilia
832 2691 1131 2767 provincia
1154 2693 1391 2751 decreta
1421 2701 1529 2752 est,
1556 2700 1799 2766 permis-

105 2781 352 2841 sumque
377 2773 466 2824 est
489 2768 630 2825 utin
662 2769 908 2828 Africam
933 2771 1061 2829 inde
1087 2771 1403 2845 trajiceret.
1492 2770 1603 2839 Qui
1622 2789 1800 2849 quum

106 2845 290 2904 vellet
319 2862 395 2902 ex
423 2842 746 2905 fortissimis
792 2850 1076 2926 peditibus
1105 2849 1379 2909 Romanis
1406 2857 1801 2908 trecentorum

104 2925 368 3002 equitum
397 2944 706 2991 numerum
729 2930 1055 3008 complere,
1082 2950 1194 2991 nec
1226 2935 1423 3008 posset
1442 2928 1569 2993 illos
1610 2933 1803 2989 statim
