1980 3281
959 61 1037 116 41

145 211 325 276 mere.
353 211 676 277 exercitum
699 212 766 278 in
791 213 1009 277 vallem
1022 214 1285 294 iniquam
1308 211 1587 286 duxisset,
1612 213 1688 272 ab
1714 211 1850 274 bos·

153 295 318 370 tibus
355 293 780 365 circumventus
835 303 944 356 est.
1059 294 1347 356 Romanos
1400 292 1610 353 eximia
1664 293 1857 354 virtus

155 371 466 450 Calpurnii
492 374 709 436 tribuni
730 375 973 438 militum
994 375 1277 436 servavit.
1360 371 1416 434 Is
1444 374 1599 434 enim
1619 375 1689 432 ad
1711 391 1853 434 con-

151 455 344 513 sulem
395 457 660 524 accessit,
718 457 930 536 eique:
996 464 1037 491 ‘⁶
1069 455 1330 526 Censen,
1384 455 1594 532 inquit,
1636 453 1850 532 jubeat

144 533 366 594 milites
394 535 842 613 quadringentos
883 537 976 598 ire
1018 537 1090 596 ad
1132 535 1281 594 hanc
1311 551 1521 614 rupem
1548 533 1701 594 inter
1727 551 1853 592 me·

149 609 281 672 dios
325 613 520 674 hostes
569 617 782 676 editam
821 625 999 696 atque
1044 634 1339 694 asperam,
1386 632 1635 694 eamque
1678 631 1855 672 oceu-

147 710 320 770 pare.
401 691 686 759 Futurum
716 696 872 758 enim
906 695 1176 776 profecti)
1204 704 1293 754 est
1322 703 1387 756 ut
1412 696 1609 754 hostes
1632 711 1853 770 prope·

147 780 284 832 rent
330 775 402 834 ad
453 778 872 838 occursandum
919 774 1131 838 nostris
1184 775 1484 848 militibus,
1538 782 1717 854 atque
1769 771 1853 832 ita

143 851 310 913 circa
364 871 494 931 eam
534 874 744 932 rupem
790 866 958 918 atrox
1006 875 1199 936 pugna
1242 853 1380 916 fiat:
1447 863 1505 916 at
1530 864 1591 914 tu
1621 853 1852 914 interea

142 937 380 1009 tempus
425 933 668 997 habebis
720 929 1009 998 exercitas
1039 955 1113 995 ex
1140 937 1271 995 loco
1299 933 1509 995 infesto
1538 933 1847 994 educendi.

142 1011 279 1073 Alia
307 1011 418 1075 nisi
439 1013 572 1078 haee
591 1015 794 1076 salutis
821 1014 918 1076 via
943 1016 1105 1076 nulla
1124 1015 1281 1076 est.”
1365 1014 1689 1094 Respondit
1706 1031 1849 1075 con-

142 1091 280 1152 sul:
355 1092 560 1154 Fidum
611 1094 848 1170 quidem
899 1101 962 1154 et
1013 1095 1321 1172 providum
1371 1095 1485 1153 hoc
1541 1091 1848 1154 consilium

143 1170 431 1244 videtui-3
471 1173 574 1232 sed
603 1174 867 1251 quisnam
907 1173 1023 1233 erit
1064 1175 1164 1254 qui
1191 1175 1363 1233 ducat
1390 1174 1841 1252 quadringentos

137 1247 282 1309 illos
301 1251 524 1332 milites
547 1253 621 1322 ad
646 1273 786 1314 eum
821 1251 1063 1316 locum?
1105 1262 1147 1289 ‘⁸
1166 1253 1225 1312 Si
1257 1254 1453 1323 alium,
1492 1253 1678 1334 inquit
1706 1253 1841 1312 Cal·

137 1333 416 1408 pumina,
442 1333 732 1394 neminem
751 1335 1013 1413 reperis,
1038 1353 1131 1394 me
1154 1335 1225 1394 ad
1248 1335 1361 1394 ho'c
1382 1335 1685 1394 consilium
1708 1351 1845 1410 per-

133 1408 454 1490 ficiendum
501 1411 586 1474 uti
634 1423 820 1492 potes.
905 1413 1030 1496 Ego
1074 1415 1224 1486 banc
1262 1414 1366 1476 tibi
1408 1423 1469 1476 et
1496 1413 1849 1494 reipublicae

135 1489 392 1552 animam
413 1493 558 1554 do.”

220 1569 443 1634 Consul
479 1573 714 1634 tribuno
741 1573 954 1653 gratias
982 1577 1103 1657 egit
1130 1585 1191 1638 et
1216 1575 1667 1659 quadringentos
1691 1575 1840 1638 mili-
1943 1623 1949 1665 4

127 1658 228 1713 tes
265 1653 442 1716 dedit.
527 1656 689 1729 Quos
716 1655 1067 1735 Calpurnius
1096 1660 1432 1729 admonens,
1461 1678 1635 1739 quem
1662 1660 1719 1721 in
1750 1658 1839 1717 lo·
1943 1676 1949 1743 „j

130 1752 272 1795 cum
314 1734 660 1806 deduceret,
708 1744 770 1796 et
810 1757 925 1816 quo
968 1740 1255 1805 consilio:
1302 1746 1341 1773 “
1374 1738 1719 1809 Moriamur‚
1746 1738 1836 1798 in·

128 1812 285 1891 quit,
323 1816 768 1887 commilitonem
811 1827 872 1882 et
915 1828 1105 1881 morte
1149 1820 1345 1880 nostra
1392 1819 1706 1897 eripiamus
1758 1838 1837 1879 ex

125 1892 434 1957 obsidione
453 1895 878 1959 circumventas
899 1900 1229 1973 legiones.''
1311 1898 1529 1959 Omnes
1552 1900 1709 1959 nulla
1724 1916 1835 1977 spe
1913 1954 1919 1957 ,

127 1971 445 2048 evadendi,
493 1978 596 2035 sed
645 1968 1065 2040 amore·laudis
1092 1978 1328 2041 accensi
1354 1976 1828 2057 proficiscuntur.

124 2052 334 2115 Mirati
359 2064 494 2115 sunt
521 2056 710 2133 primi)
753 2058 948 2131 hostes
979 2080 1107 2121 eam
1135 2060 1377 2119 militum
1407 2076 1637 2118 manum
1665 2058 1735 2119 ad
1762 2076 1833 2120 se

125 2140 363 2195 venire.
449 2134 675 2194 Deinde
723 2137 820 2195 ubi
864 2140 1152 2215 cognitum
1187 2146 1277 2197 est
1316 2156 1419 2197 eos
1447 2140 1517 2198 ad
1544 2140 1699 2199 illam
1730 2160 1831 2199 ru·

123 2233 272 2292 pem
297 2212 668 2277 obtinendam
693 2215 808 2275 iter
845 2217 1176 2287 intendere,
1204 2218 1479 2277 adversus
1506 2218 1636 2279 illos
1666 2239 1829 2281 arma
1946 2266 1948 2275 ⁴

125 2306 460 2361 verterunt.
544 2292 789 2355 Romani
819 2304 1178 2375 repugnant:
1221 2297 1284 2358 fit
1310 2298 1576 2375 praelium
1603 2301 1699 2360 diti
1724 2318 1831 2359 an-

125 2390 304 2449 ceps..
387 2374 650 2435 Tandem
717 2388 958 2451 superat
1013 2378 1356 2452 multitudo;
1420 2376 1825 2457 quadringenti

125 2470 336 2512 omnes
385 2452 627 2531 perfossi
665 2456 869 2533 gladiis
897 2468 997 2517 aut
1023 2458 1329 2517 missilibus
1370 2464 1561 2537 operti
1588 2460 1821 2519 cadunt.

120 2532 356 2593 Consul
381 2532 636 2607 interim,
663 2538 794 2597 dum
821 2557 894 2597 ea
921 2559 1117 2617 pugna
1142 2538 1225 2611 fit,
1252 2556 1317 2601 se
1342 2542 1403 2601 in
1429 2540 1561 2601 loca
1582 2538 1738 2599 edita
1762 2544 1827 2599 et

123 2619 250 2672 tuta
273 2614 559 2677 subducit.
1946 2646 1948 2657 ·

204 2692 422 2753 Virtuti
453 2714 561 2772 par
583 2694 690 2757 fuit
717 2698 1021 2776 Calpurnii
1047 2698 1315 2761 fortuna:
1378 2718 1511 2761 nam
1553 2697 1635 2759 ita
1676 2718 1819 2761 eve·

122 2772 208 2832 nit
239 2781 322 2845 ut,
353 2778 754 2853 quammultis
781 2778 924 2837 locis
944 2783 1175 2843 saucius
1204 2784 1389 2841 factus
1405 2780 1820 2850 esset,nullum

120 2862 318 2923 tamen
357 2855 421 2922 in
457 2858 653 2943 capite
700 2860 908 2923 vulnus
931 2863 1275 3001 ,agciperen
1361 2858 1523 2921 Inter
1567 2846 1827 2920 mortuos

919 2960 960 3005 Ε
1075 2970 1083 2977 Ω
1302 2954 1311 2961 .
1646 2947 1655 2955 .
