1980 3281
966 61 1055 118 68²

154 223 279 286 rum
324 225 507 286 amice
554 223 723 286 vixit.
822 223 977 284 Nam
1027 213 1393 302 parsimoniae
1443 233 1640 278 amans
1688 204 1846 276 haud

156 307 441 384 probabat
468 319 731 385 sumptus
771 325 913 384 quos
962 301 1158 380 scipio
1189 299 1456 358 faciebat.
1542 299 1735 372 Quare
1763 314 1840 354 eo

154 387 385 456 relicto,
411 385 651 450 Romam
684 389 879 458 rediit,
916 387 1114 462 ibique
1140 379 1422 458 Scipionis
1458 382 1628 440 vitam
1655 379 1848 456 pala-m

152 474 215 524 et
249 466 451 542 aperte
493 467 896 548 reprehendit,
925 463 1088 546 quasi
1131 460 1438 518 militarem
1482 461 1847 539 disciplinam

150 559 585 623 corrumperet.
675 545 985 609 Dictitabat
1029 545 1190 602 illum
1235 558 1366 599 cum
1415 541 1592 618 pallio
1628 553 1686 599 et
1715 555 1846 598 cre-

152 625 303 706 pidis
342 628 570 688 solitum
612 627 919 688 ambulare.
936 626 998 685 in
1023 627 1362 706 Gymnasio,
1392 628 1676 706 palaestrae
1704 643 1848 702 ope·

154 725 281 768 ram
310 709 471 776 dare,
495 709 737 768 militum
764 705 1016 766 licentiae
1045 707 1371 784 indulgere.
1426 707 1594 778 Quod
1623 706 1850 765 crime-n

153 807 269 846 non
299 789 505 852 verbo,
532 791 634 848 sed
677 787 829 846 facto
868 787 1034 846 diluit
1081 786 1300 862 Scipio.
1387 787 1536 844 Nam
1571 805 1750 864 quum
1779 789 1852 846 ea

154 867 229 926 de
274 887 341 926 re
380 867 552 946 legati
596 868 777 928 Roma
820 867 1135 945 Syracusas
1183 866 1340 925 missi
1385 874 1600 932 essent,
1653 866 1852 945 Scipio

119 995 123 1000 .
156 946 483 1008 exercitum
505 958 735 1008 omn‘em
758 949 836 1006 εὖ
863 945 1182 1007 convenire
1209 956 1271 1005 et
1295 947 1538 1006 classem
1563 947 1851 1022 expedire
1977 966 1980 1067 χ

143 1026 341 1104 jussit,
381 1030 653 1108 tanquam
701 1028 1087 1092 dimicandum
1127 1045 1202 1086 eo
1249 1025 1343 1086 die
1384 1028 1544 1086 terra
1583 1027 1854 1106 marique

154 1125 293 1166 cum
326 1107 903 1186 Carthaginiensibus
947 1115 1138 1167 esset:
1187 1103 1487 1184 postridie,
1524 1107 1727 1184 legatis
1766 1109 1855 1166 in-

151 1187 571 1264 specu-nibus,
621 1209 829 1266 pugnas
882 1188 1254 1248 simulacrum
1303 1187 1584 1246 exhibuit.
1683 1187 1857 1250 ‘llum

160 1267 249 1328 eis
277 1271 742 1335 armamentaria.
772 1270 1011 1337 horrea,
1059 1287 1406 1346 omnemque
1436 1267 1574 1328 belli
1606 1287 1857 1345 appara-

158 1353 282 1408 tum
300 1350 567 1410 ostendit.
614 1347 864 1409 Reversi
884 1347 1128 1406 Romam
1145 1347 1343 1425 legati,
1368 1348 1556 1408 omnia
1575 1347 1727 1425 apud
1751 1371 1857 1412 ex·

162 1429 411 1488 ercitum
434 1430 717 1504 Scipionis
740 1428 1021 1506 praeclare
1047 1447 1114 1486 se
1135 1425 1357 1487 habere
1381 1429 1822 1492 renunciarunt.

164 1543 177 1556 κ
245 1509 464 1568 Eadem
492 1507 805 1586 asperitate
836 1506 984 1566 Cato
1014 1514 1406 1570 matronarum
1439 1511 1643 1570 luxum
1667 1511 1860 1572 insec-

162 1598 314 1652 tatus
362 1597 471 1667 est.
558 1587 796 1649 Scilicet
837 1587 895 1649 in
940 1587 1136 1649 medio
1176 1589 1387 1649 ardore
1438 1589 1578 1651 belli
1631 1591 1860 1665 Punici,

162 1668 391 1747 Oppius
424 1669 689 1729 tribunus
732 1669 920 1746 plebis
948 1671 1143 1746 legem
1168 1670 1401 1740 tulerat,
1441 1673 1553 1749 qua
1581 1674 1864 1735 vetaban-

164 1758 264 1810 tur
288 1749 564 1807 mulieres
612 1748 889 1807 Romanae
929 1748 1062 1826 plus
1103 1750 1398 1831 semuncia
1443 1751 1570 1813 auri
1611 1752 1864 1823 habere,

163 1829 511 1888 vestimento
535 1829 681 1887 varii
704 1830 915 1888 coloris
944 1828 1052 1897 uti,
1078 1834 1138 1887 et
1155 1827 1362 1905 juncto
1385 1830 1658 1891 vehiculo
1683 1832 1737 1892 in
1759 1853 1864 1893 ur-

166 1912 245 1969 be
273 1909 430 1967 vehi.
516 1906 801 1967 Confecto
841 1916 1038 1966 autem
1064 1908 1242 1981 bello,
1279 1916 1340 1967 et
1367 1909 1612 1971 florente
1643 1913 1865 1990 repub·

168 1992 303 2060 lica,
332 1996 603 2047 matronae
632 1988 871 2067 pristina
900 1997 1240 2047 ornamenta
1279 1988 1388 2047 sibi
1412 1993 1574 2051 reddi
1604 1994 1866 2071 postula-

171 2072 350 2138 bant;
396 2088 595 2127 omnes
635 2069 755 2127 vias
797 2067 958 2127 urbis
988 2068 1348 2141 obsidebant,
1377 2071 1654 2151 virosque
1677 2076 1748 2133 ad
1763 2076 1868 2137 so-

172 2168 307 2209 rum
348 2149 767 2209 descendentes
797 2149 1060 2215 orabant,
1103 2158 1166 2209 ut
1197 2148 1387 2227 legem
1411 2151 1663 2231 Oppiam
1691 2156 1869 2214 abro-

170 2237 397 2305 garent.
484 2229 708 2301 Quibus
732 2228 1014 2289 acerrime
1039 2229 1250 2292 restitit
1271 2228 1443 2302 Cato,
1469 2234 1574 2293 sed
1601 2233 1821 2297 frustra
1850 2256 1867 2310 ς

172 2328 307 2367 nam
340 2309 437 2367 lex
462 2308 565 2367 fuit
588 2311 879 2385 abrogata.

255 2388 403 2447 Cato
433 2398 663 2451 creatus
692 2390 914 2459 consul,
948 2388 1005 2447 in
1035 2388 1374 2467 Hispaniam
1414 2392 1689 2455 adversus
1723 2396 1872 2463 Cel·

172 2468 394 2527 tiberos
420 2466 721 2544 profectus
746 2477 854 2527 est.
938 2470 1098 2542 Quos
1127 2468 1250 2529 acri
1277 2472 1482 2547 praelio
1515 2475 1674 2545 vicit,
1702 2484 1766 2535 et
1793 2478 1870 2537 ad

175 2548 528 2606 deditionem
556 2547 871 2624 compulit:
918 2568 993 2607 eo
1029 2550 1087 2608 in
1119 2550 1274 2609 bello
1313 2548 1460 2613 Cato
1489 2575 1624 2615 cum
1653 2556 1876 2617 ultimis

172 2628 420 2687 militum
443 2629 811 2703 parsimonia.
841 2628 1051 2705 vigiliis
1076 2639 1136 2688 et
1153 2630 1354 2689 labore
1384 2638 1654 2706 certavit,
1673 2639 1880 2699 necin

176 2726 524 2783 quemquam
548 2706 781 2783 gravius
816 2708 1201 2788 severiusque
1243 2710 1554 2789 imperium
1581 2721 1883 2789 exercuit,

176 2787 348 2875 quam
393 2787 450 2845 in
494 2786 888 2876 semetipsum.
974 2790 1170 2860 Quum
1212 2788 1502 2871 Hispanos
1547 2797 1618 2852 ad
1668 2798 1879 2859 desec-

65 2892 69 2897 ·
176 2872 397 2927 tionem
441 2882 655 2945 pronos
692 2867 945 2943 inderet,
983 2874 1312 2935 cavendum
1335 2874 1622 2952 judicavit
1661 2896 1742 2942 ue
1771 2880 1880 2943 de-
1974 2877 1980 2942 l

1976 2951 1980 3021 l
