1980 3281
917 59 1003 118 56

117 239 306 306 quum
347 221 397 282 is
423 219 483 282 in
513 220 708 298 pugna
735 221 888 298 apud
931 213 1209 277 Ticinum
1237 210 1439 270 contra
1473 189 1841 293 ‘Annibalem

124 303 428 366 commissa
453 302 714 378 graviter
758 303 1097 362 vulneratus
1138 299 1320 357 esset,
1366 292 1426 342 et
1470 301 1530 369 ¹¹¹.
1576 279 1841 334 hostium

125 403 328 446 manus
346 383 588 460 jamjam
614 391 896 442 venturus
937 381 1117 444 esset,
1159 371 1333 438 filius,
1361 363 1679 436 interjecto
1708 371 1841 411 cor-

127 484 300 544 pore,
341 463 534 523 Poenis
561 463 918 522 irruentibus
947 477 1015 516 se
1042 450 1335 530 opposuit.
1365 452 1427 504 et
1462 446 1699 518 patrem
1736 450 1841 510 pe-

127 545 316 606 riculo
341 543 632 604 liberavit.
718 543 865 614 Qnae
897 537 1092 616 «pietas
1138 524 1394 606 Scipioni
1442 518 1643 598 postea
1697 511 1841 574 aedi-

125 625 348 686 litatem
408 622 630 699 petenti
663 620 944 692 ‚savorem
994 611 1196 694 populi
1240 599 1614 668 conciliavit3
1662 607 1847 684 quum

135 706 493 764 obsisterent
539 701 756 760 tribuni
801 696 990 776 plebis
1048 697 1325 767 negantes
1377 682 1663 744 rationem
1690 691 1847 765 ‘ejus

135 802 272 844 esse
301 782 648 848 habendam.
675 781 832 857 quod
863 777 1109 853 nondum
1139 772 1207 828 ad
1240 763 1555 844 petendum
1584 753 1851 830 legitima

141 871 282 924 aetas
309 870 503 921 esset:
551 869 591 896 ‘⁶
617 861 678 918 Si
707 879 824 928 me,
867 855 1053 935 inquit
1092 849 1313 926 Scipio,
1340 859 1537 904 omnes
1581 834 1852 909 Quirites

137 943 362 1000 aedilem
389 940 827 1010 facerevolunt,
859 941 999 996 satis
1028 946 1315 1007 annorum
1341 919 1597 984 habeo.”
1686 915 1789 972 Ta
1802 933 1851 974 n·

139 1031 200 1082 to
231 1021 358 1079 inde
387 1021 588 1079 favore
633 1022 704 1078 ad
747 1018 1019 1094 suffragia
1060 1015 1205 1073 itum
1239 1014 1350 1078 e‘st,
1394 1011 1458 1062 ut
1495 997 1723 1060 tribuni
1775 996 1851 1056 in-

143 1110 338 1178 coepto
365 1099 714 1162 destiterint.

223 1181 366 1242 Post
389 1181 616 1248 cladem
642 1180 1033 1244 Cannensem,
1078 1166 1327 1232 Rotnani
1373 1159 1665 1222 exercitiis
1714 1155 1851 1216 reli·

153 1263 308 1340 quiae
349 1261 668 1322 Canusium
705 1257 1127 1338 perfugerant:
1170 1262 1467 1326 quumque
1516 1240 1595 1299 ibi
1632 1235 1855 1298 tribuni

149 1342 400 1402 militum
449 1348 700 1416 quatuor
755 1343 980 1406 essent,
1034 1343 1227 1392 tamen
1262 1327 1522 1386 omnium
1564 1335 1861 1378 consensu

151 1423 224 1480 ad
249 1420 518 1483 Publium
545 1418 878 1494 Scipionem
907 1413 1207 1474 admodum
1234 1406 1667 1466 adolescentem
1705 1415 1857 1456 suni-

152 1518 248 1561 ma
296 1499 530 1576 imperii
577 1499 770 1558 delata
817 1503 928 1554 est.
1014 1493 1188 1550 Tunc
1230 1483 1486 1562 Scipioni
1535 1478 1863 1538 nuntiatum

159 1588 252 1640 est
305 1579 531 1639 nobiles
585 1578 860 1657 quosdam
903 1573 1159 1654 juvenes
1208 1571 1283 1628 de
1328 1563 1493 1622 ltalia
1536 1557 1864 1618 deserendi
1915 1563 1917 1568 '

160 1662 522 1739 conspirare.
607 1662 812 1719 Statim
853 1658 912 1717 in
959 1653 1271 1731 hospitium
1314 1642 1569 1709 Metelli,
1598 1637 1705 1716 qui
1734 1656 1869 1697 con·

165 1741 498 1818 spirationis
545 1748 676 1799 erat
703 1738 1001 1815 princeps,
1022 1754 1087 1793 se
1110 1728 1353 1791 contulit
1380 1724 1615 1797 Sc'ipio';
1662 1736 1869 1796 quum·

165 1840 281 1899 que
311 1820 618 1881 concilium
649 1818 730 1877 ibi
749 1817 1060 1893 juvenum,
1088 1814 1161 1871 de
1191 1810 1398 1887 quibus
1438 1802 1675 1860 allatum
1720 1804 1871 1865 erat,

163 1901 504 1967 invenisset,
533 1899 737 1959 stricto
755 1915 936 1973 super
957 1894 1149 1971 capita
1166 1881 1611 1950 consultantium
1631 1879 1869 1955 gladio:

166 1988 206 2016 “
237 1982 467 2050 Jurate,
523 1978 728 2057 inquit,
786 1996 890 2034 vos
939 1992 1133 2051 neque
1188 1962 1607 2044 rempublicam
1663 1958 1917 2035 populi·

169 2061 416 2121 Rotnani
458 2064 824 2129 deserturos„
869 2073 1062 2133 neque
1104 2052 1279 2111 alium
1316 2048 1511 2105 civem
1548 2040 1879 2099 Romanum

171 2143 454 2203 deserere
499 2157 811 2219 passuros;
855 2140 955 2214 qui
992 2154 1103 2193 non
1139 2130 1455 2209 juraverit,
1502 2124 1557 2181 in
1604 2139 1671 2178 se
1724 2120 1881 2179 hunc

169 2221 424 2300 gladium
451 2223 712 2281 strictum
749 2236 883 2277 esse
925 2214 1135 2275 sciat.”
1224 2207 1391 2267 Haud
1440 2203 1605 2261 secus
1652 2202 1883 2275 pavidi,

177 2303 348 2381 quam
375 2301 424 2359 si
466 2302 750 2361 victorem
777 2297 1121 2357 Annibalem
1144 2292 1480 2353 cernerent,
1500 2282 1713 2359 jurant
1764 2300 1887 2339 om-

177 2400 306 2454 nes,
329 2380 850 2455 custodiendosque
877 2375 1219 2450 semetipsos
1248 2364 1503 2444 Scipioni
1526 2362 1798 2431 tradunt.
1892 2415 1907 2425 ,

259 2465 453 2535 Quum
476 2458 719 2517 Romani
733 2460 872 2515 duas
887 2457 1082 2515 clades
1108 2452 1165 2510 in
1186 2444 1465 2525 Hispania
1487 2440 1887 2517 accepissent,

183 2542 417 2619 duoque
462 2540 541 2597 ibi
585 2537 790 2597 summi
834 2532 1219 2610 imperatores
1261 2526 1631 2591 cecidissent,
1668 2520 1920 2601 placuit}

187 2621 512 2679 exercitum
559 2615 783 2689 augeri,
829 2616 1023 2688 eoque
1076 2608 1483 2687 proconsulem
1536 2600 1741 2673 mitti3
1790 2606 1920 2661 neci

189 2704 385 2755 tamen
432 2715 608 2775 quem
649 2694 946 2753 mitterent
985 2692 1124 2749 satis
1168 2688 1483 2746 constabat.
1569 2681 1655 2739 Ea
1697 2682 1783 2737 de
1844 2698 1894 2739 re

194 2774 406 2831 indicta
451 2784 583 2833 sunt
631 2769 882 2831 comitia.
970 2768 1165 2825 Primo
1220 2767 1467 2842 populus
1514 2762 1896 2837 expectabat,

183 2859 261 2931 ,ut
285 2854 386 2930 qui
425 2870 492 2915 se
528 2861 686 2913 tanto
733 2846 936 2927 dignos
980 2844 1227 2925 imperio
1268 2844 1411 2907 cred
1450 2850 1604 2913 rent,
1657 2842 1901 2903 nemim
