<?xml version="1.0" encoding="UTF-8"?>
<!DOCTYPE html PUBLIC "-//W3C//DTD XHTML 1.0 Transitional//EN"
    "http://www.w3.org/TR/xhtml1/DTD/xhtml1-transitional.dtd">
<html xmlns="http://www.w3.org/1999/xhtml" xml:lang="en" lang="en">
 <head>
  <title>
</title>
<meta http-equiv="Content-Type" content="text/html;charset=utf-8" />
  <meta name='ocr-system' content='tesseract 3.04.00' />
  <meta name='ocr-capabilities' content='ocr_page ocr_carea ocr_par ocr_line ocrx_word'/>
</head>
<body>
  <div class='ocr_page' id='page_1' title='image "./devirisillustri02lhogoog_0114.png"; bbox 0 0 1980 3281; ppageno 0'>
   <div class='ocr_carea' id='block_1_1' title="bbox 906 106 1056 191">
    <p class='ocr_par' dir='ltr' id='par_1_1' title="bbox 906 106 1056 191">
     <span class='ocr_line' id='line_1_1' title="bbox 906 106 1056 191; baseline 0.047 -31"><span class='ocrx_word' id='word_1_1' title='bbox 906 106 1056 191; x_wconf 57' lang='grc' dir='ltr'>ἰοῦ</span> 
     </span>
    </p>
   </div>
   <div class='ocr_carea' id='block_1_2' title="bbox 132 231 1862 838">
    <p class='ocr_par' dir='ltr' id='par_1_2' title="bbox 132 231 1862 824">
     <span class='ocr_line' id='line_1_2' title="bbox 230 231 1853 344; baseline 0 -22"><span class='ocrx_word' id='word_1_2' title='bbox 230 237 377 324; x_wconf 76' lang='lat' dir='ltr'>Erat</span> <span class='ocrx_word' id='word_1_3' title='bbox 420 249 687 325; x_wconf 78' lang='lat' dir='ltr'>Sertorio</span> <span class='ocrx_word' id='word_1_4' title='bbox 716 281 895 326; x_wconf 83' lang='lat' dir='ltr'>cerva</span> <span class='ocrx_word' id='word_1_5' title='bbox 929 264 1169 338; x_wconf 79' lang='lat' dir='ltr'>candida</span> <span class='ocrx_word' id='word_1_6' title='bbox 1201 263 1429 324; x_wconf 66' lang='lat' dir='ltr'>eximiae</span> <span class='ocrx_word' id='word_1_7' title='bbox 1461 231 1853 344; x_wconf 76' lang='lat' dir='ltr'>pulchritudi-</span> 
     </span>
     <span class='ocr_line' id='line_1_3' title="bbox 152 343 1858 424; baseline -0.002 -20"><span class='ocrx_word' id='word_1_8' title='bbox 152 343 266 414; x_wconf 86' lang='lat' dir='ltr'>nis,</span> <span class='ocrx_word' id='word_1_9' title='bbox 296 365 425 424; x_wconf 88' lang='lat' dir='ltr'>quae</span> <span class='ocrx_word' id='word_1_10' title='bbox 451 346 559 422; x_wconf 87' lang='lat' dir='ltr'>ipsi</span> <span class='ocrx_word' id='word_1_11' title='bbox 588 361 793 420; x_wconf 85' lang='lat' dir='ltr'>magno</span> <span class='ocrx_word' id='word_1_12' title='bbox 818 347 953 405; x_wconf 86' lang='lat' dir='ltr'>usui</span> <span class='ocrx_word' id='word_1_13' title='bbox 980 345 1110 414; x_wconf 75' lang='lat' dir='ltr'>suit,</span> <span class='ocrx_word' id='word_1_14' title='bbox 1145 356 1209 404; x_wconf 90' lang='lat' dir='ltr'>ut</span> <span class='ocrx_word' id='word_1_15' title='bbox 1247 347 1736 421; x_wconf 73' lang='lat' dir='ltr'>obsequentiores</span> <span class='ocrx_word' id='word_1_16' title='bbox 1759 345 1858 402; x_wconf 86' lang='lat' dir='ltr'>ha·</span> 
     </span>
     <span class='ocr_line' id='line_1_4' title="bbox 154 424 1859 486; baseline -0.001 -3"><span class='ocrx_word' id='word_1_17' title='bbox 154 424 333 484; x_wconf 85' lang='lat' dir='ltr'>beret</span> <span class='ocrx_word' id='word_1_18' title='bbox 376 425 607 484; x_wconf 86' lang='lat' dir='ltr'>milites.</span> <span class='ocrx_word' id='word_1_19' title='bbox 692 425 859 484; x_wconf 83' lang='lat' dir='ltr'>Hanc</span> <span class='ocrx_word' id='word_1_20' title='bbox 890 426 1189 486; x_wconf 75' lang='lat' dir='ltr'>Sertorius</span> <span class='ocrx_word' id='word_1_21' title='bbox 1237 425 1632 485; x_wconf 83' lang='lat' dir='ltr'>assuefecerat</span> <span class='ocrx_word' id='word_1_22' title='bbox 1659 444 1727 483; x_wconf 87' lang='lat' dir='ltr'>se</span> <span class='ocrx_word' id='word_1_23' title='bbox 1759 443 1859 482; x_wconf 85' lang='lat' dir='ltr'>vo·</span> 
     </span>
     <span class='ocr_line' id='line_1_5' title="bbox 141 499 1862 584; baseline -0.002 -18"><span class='ocrx_word' id='word_1_24' title='bbox 141 513 387 566; x_wconf 55' lang='lat' dir='ltr'>¹mantem</span> <span class='ocrx_word' id='word_1_25' title='bbox 412 505 613 563; x_wconf 82' lang='lat' dir='ltr'>audire</span> <span class='ocrx_word' id='word_1_26' title='bbox 640 511 701 563; x_wconf 88' lang='lat' dir='ltr'>et</span> <span class='ocrx_word' id='word_1_27' title='bbox 728 513 966 566; x_wconf 85' lang='lat' dir='ltr'>euntem</span> <span class='ocrx_word' id='word_1_28' title='bbox 988 511 1178 584; x_wconf 82' lang='lat' dir='ltr'>sequi.</span> <span class='ocrx_word' id='word_1_29' title='bbox 1239 507 1464 564; x_wconf 79' lang='lat' dir='ltr'>Dianae</span> <span class='ocrx_word' id='word_1_30' title='bbox 1481 499 1704 564; x_wconf 85' lang='lat' dir='ltr'>‘donum</span> <span class='ocrx_word' id='word_1_31' title='bbox 1725 502 1862 562; x_wconf 80' lang='lat' dir='ltr'>esse</span> 
     </span>
     <span class='ocr_line' id='line_1_6' title="bbox 156 583 1860 666; baseline -0.001 -22"><span class='ocrx_word' id='word_1_32' title='bbox 156 585 423 644; x_wconf 80' lang='lat' dir='ltr'>omnibus</span> <span class='ocrx_word' id='word_1_33' title='bbox 468 587 778 662; x_wconf 80' lang='lat' dir='ltr'>persuasit,</span> <span class='ocrx_word' id='word_1_34' title='bbox 827 597 1013 666; x_wconf 67' lang='lat' dir='ltr'>seque</span> <span class='ocrx_word' id='word_1_35' title='bbox 1042 587 1114 644; x_wconf 91' lang='lat' dir='ltr'>ab</span> <span class='ocrx_word' id='word_1_36' title='bbox 1149 583 1220 645; x_wconf 58' lang='lat' dir='ltr'>ea*</span> <span class='ocrx_word' id='word_1_37' title='bbox 1265 585 1495 644; x_wconf 83' lang='lat' dir='ltr'>moneri</span> <span class='ocrx_word' id='word_1_38' title='bbox 1531 603 1665 662; x_wconf 82' lang='lat' dir='ltr'>quae</span> <span class='ocrx_word' id='word_1_39' title='bbox 1707 583 1860 642; x_wconf 57' lang='lat' dir='ltr'>sacto</span> 
     </span>
     <span class='ocr_line' id='line_1_7' title="bbox 132 665 1862 743; baseline -0.001 -21"><span class='ocrx_word' id='word_1_40' title='bbox 132 683 305 742; x_wconf 84' lang='lat' dir='ltr'>opus</span> <span class='ocrx_word' id='word_1_41' title='bbox 336 670 552 725; x_wconf 83' lang='lat' dir='ltr'>essent.</span> <span class='ocrx_word' id='word_1_42' title='bbox 638 665 697 723; x_wconf 89' lang='lat' dir='ltr'>Si</span> <span class='ocrx_word' id='word_1_43' title='bbox 746 668 883 743; x_wconf 85' lang='lat' dir='ltr'>quid</span> <span class='ocrx_word' id='word_1_44' title='bbox 926 666 1129 725; x_wconf 82' lang='lat' dir='ltr'>durius</span> <span class='ocrx_word' id='word_1_45' title='bbox 1167 666 1395 726; x_wconf 79' lang='lat' dir='ltr'>vellet</span> <span class='ocrx_word' id='word_1_46' title='bbox 1378 677 1702 742; x_wconf 72' lang='lat' dir='ltr'>imperare,</span> <span class='ocrx_word' id='word_1_47' title='bbox 1733 679 1800 722; x_wconf 87' lang='lat' dir='ltr'>se</span> <span class='ocrx_word' id='word_1_48' title='bbox 1826 682 1862 719; x_wconf 80' lang='lat' dir='ltr'>a</span> 
     </span>
     <span class='ocr_line' id='line_1_8' title="bbox 156 746 1859 838; baseline -0.001 -34"><span class='ocrx_word' id='word_1_49' title='bbox 156 748 337 804; x_wconf 59' lang='lat' dir='ltr'>cerva</span> <span class='ocrx_word' id='word_1_50' title='bbox 364 746 642 804; x_wconf 84' lang='lat' dir='ltr'>monitum</span> <span class='ocrx_word' id='word_1_51' title='bbox 665 748 1040 824; x_wconf 85' lang='lat' dir='ltr'>praedicabat,</span> <span class='ocrx_word' id='word_1_52' title='bbox 1071 750 1384 838; x_wconf 73' lang='lat' dir='ltr'>statimque</span> <span class='ocrx_word' id='word_1_53' title='bbox 1411 747 1661 828; x_wconf 77' lang='lat' dir='ltr'>libentes</span> <span class='ocrx_word' id='word_1_54' title='bbox 1685 758 1859 822; x_wconf 81' lang='lat' dir='ltr'>pare·</span> 
     </span>
    </p>
   </div>
   <div class='ocr_carea' id='block_1_3' title="bbox 154 819 1980 904">
    <p class='ocr_par' dir='ltr' id='par_1_3' title="bbox 154 819 1980 904">
     <span class='ocr_line' id='line_1_9' title="bbox 154 819 1980 904; baseline 0 -20"><span class='ocrx_word' id='word_1_55' title='bbox 154 827 323 884; x_wconf 86' lang='lat' dir='ltr'>bant.·</span> <span class='ocrx_word' id='word_1_56' title='bbox 400 825 597 885; x_wconf 83' lang='lat' dir='ltr'>Cerva</span> <span class='ocrx_word' id='word_1_57' title='bbox 636 827 695 885; x_wconf 85' lang='lat' dir='ltr'>in</span> <span class='ocrx_word' id='word_1_58' title='bbox 726 829 970 904; x_wconf 65' lang='lat' dir='ltr'>quadam</span> <span class='ocrx_word' id='word_1_59' title='bbox 1012 827 1261 885; x_wconf 82' lang='lat' dir='ltr'>hostium</span> <span class='ocrx_word' id='word_1_60' title='bbox 1293 819 1628 886; x_wconf 69' lang='lat' dir='ltr'>incursione</span> <span class='ocrx_word' id='word_1_61' title='bbox 1657 826 1864 884; x_wconf 72' lang='lat' dir='ltr'>amissa</span> <span class='ocrx_word' id='word_1_62' title='bbox 1979 860 1980 875; x_wconf 43' lang='grc' dir='ltr'>ι</span> 
     </span>
    </p>
   </div>
   <div class='ocr_carea' id='block_1_4' title="bbox 134 905 1871 1858">
    <p class='ocr_par' dir='ltr' id='par_1_4' title="bbox 134 905 1869 1707">
     <span class='ocr_line' id='line_1_10' title="bbox 157 905 1863 985; baseline -0.001 -22"><span class='ocrx_word' id='word_1_63' title='bbox 157 915 250 964; x_wconf 87' lang='lat' dir='ltr'>est</span> <span class='ocrx_word' id='word_1_64' title='bbox 290 909 358 964; x_wconf 82' lang='lat' dir='ltr'>ac</span> <span class='ocrx_word' id='word_1_65' title='bbox 385 905 635 981; x_wconf 84' lang='lat' dir='ltr'>periisse</span> <span class='ocrx_word' id='word_1_66' title='bbox 661 907 930 982; x_wconf 75' lang='lat' dir='ltr'>credita3</span> <span class='ocrx_word' id='word_1_67' title='bbox 968 908 1123 985; x_wconf 88' lang='lat' dir='ltr'>quod</span> <span class='ocrx_word' id='word_1_68' title='bbox 1167 907 1472 982; x_wconf 76' lang='lat' dir='ltr'>aegerrime</span> <span class='ocrx_word' id='word_1_69' title='bbox 1501 906 1634 964; x_wconf 87' lang='lat' dir='ltr'>tulit</span> <span class='ocrx_word' id='word_1_70' title='bbox 1661 905 1863 963; x_wconf 75' lang='lat' dir='ltr'>Serto·</span> 
     </span>
     <span class='ocr_line' id='line_1_11' title="bbox 156 954 1864 1064; baseline -0.001 -20"><span class='ocrx_word' id='word_1_71' title='bbox 156 985 303 1044; x_wconf 80' lang='lat' dir='ltr'>rius.</span> <span class='ocrx_word' id='word_1_72' title='bbox 390 983 591 1044; x_wconf 84' lang='lat' dir='ltr'>Multis</span> <span class='ocrx_word' id='word_1_73' title='bbox 632 987 764 1063; x_wconf 76' lang='lat' dir='ltr'>post</span> <span class='ocrx_word' id='word_1_74' title='bbox 789 954 1048 1047; x_wconf 63' lang='lat' dir='ltr'>dieb’us</span> <span class='ocrx_word' id='word_1_75' title='bbox 1027 1007 1058 1044; x_wconf 87' lang='lat' dir='ltr'>a</span> <span class='ocrx_word' id='word_1_76' title='bbox 1087 988 1336 1064; x_wconf 86' lang='lat' dir='ltr'>quodam</span> <span class='ocrx_word' id='word_1_77' title='bbox 1364 987 1599 1044; x_wconf 77' lang='lat' dir='ltr'>homine</span> <span class='ocrx_word' id='word_1_78' title='bbox 1627 983 1864 1044; x_wconf 66' lang='lat' dir='ltr'>mve&#39;uta</span> 
     </span>
     <span class='ocr_line' id='line_1_12' title="bbox 134 1065 1862 1147; baseline -0.001 -23"><span class='ocrx_word' id='word_1_79' title='bbox 134 1071 273 1124; x_wconf 78' lang='lat' dir='ltr'>&#39;est.</span> <span class='ocrx_word' id='word_1_80' title='bbox 358 1066 653 1124; x_wconf 79' lang='lat' dir='ltr'>Sertorius</span> <span class='ocrx_word' id='word_1_81' title='bbox 673 1080 828 1126; x_wconf 84' lang='lat' dir='ltr'>eum.</span> <span class='ocrx_word' id='word_1_82' title='bbox 858 1070 959 1147; x_wconf 91' lang='lat' dir='ltr'>qui</span> <span class='ocrx_word' id='word_1_83' title='bbox 974 1069 1032 1127; x_wconf 91' lang='lat' dir='ltr'>id</span> <span class='ocrx_word' id='word_1_84' title='bbox 1051 1067 1159 1126; x_wconf 71' lang='lat' dir='ltr'>sibi</span> <span class='ocrx_word' id='word_1_85' title='bbox 1179 1068 1506 1137; x_wconf 75' lang='lat' dir='ltr'>nunciabat</span> <span class='ocrx_word' id='word_1_86' title='bbox 1523 1073 1742 1124; x_wconf 80' lang='lat' dir='ltr'>tacere</span> <span class='ocrx_word' id='word_1_87' title='bbox 1745 1065 1862 1143; x_wconf 66' lang='grc' dir='ltr'>ιω</span> 
     </span>
     <span class='ocr_line' id='line_1_13' title="bbox 162 1135 1863 1225; baseline -0.002 -21"><span class='ocrx_word' id='word_1_88' title='bbox 162 1147 257 1204; x_wconf 85' lang='lat' dir='ltr'>sit.</span> <span class='ocrx_word' id='word_1_89' title='bbox 308 1163 665 1224; x_wconf 87' lang='lat' dir='ltr'>cervamque</span> <span class='ocrx_word' id='word_1_90' title='bbox 714 1150 960 1225; x_wconf 84' lang='lat' dir='ltr'>repente</span> <span class='ocrx_word' id='word_1_91' title='bbox 990 1152 1046 1206; x_wconf 82' lang='lat' dir='ltr'>in</span> <span class='ocrx_word' id='word_1_92' title='bbox 1075 1147 1289 1215; x_wconf 82' lang='lat' dir='ltr'>locum,</span> <span class='ocrx_word' id='word_1_93' title='bbox 1341 1146 1438 1205; x_wconf 84' lang='lat' dir='ltr'>ubi</span> <span class='ocrx_word' id='word_1_94' title='bbox 1479 1147 1580 1224; x_wconf 89' lang='lat' dir='ltr'>jus</span> <span class='ocrx_word' id='word_1_95' title='bbox 1608 1135 1863 1203; x_wconf 62' lang='lat' dir='ltr'>reddet-&#39;e</span> 
     </span>
     <span class='ocr_line' id='line_1_14' title="bbox 161 1225 1865 1304; baseline -0.001 -19"><span class='ocrx_word' id='word_1_96' title='bbox 161 1225 411 1294; x_wconf 80' lang='lat' dir='ltr'>solebat,</span> <span class='ocrx_word' id='word_1_97' title='bbox 441 1227 689 1286; x_wconf 73' lang='lat' dir='ltr'>immitti.</span> <span class='ocrx_word' id='word_1_98' title='bbox 762 1230 894 1302; x_wconf 82' lang='lat' dir='ltr'>lpse</span> <span class='ocrx_word' id='word_1_99' title='bbox 919 1229 1082 1288; x_wconf 86' lang='lat' dir='ltr'>vultu</span> <span class='ocrx_word' id='word_1_100' title='bbox 1116 1227 1330 1286; x_wconf 86' lang='lat' dir='ltr'>hilari</span> <span class='ocrx_word' id='word_1_101' title='bbox 1314 1247 1372 1285; x_wconf 89' lang='grc' dir='ltr'>ιιι</span> <span class='ocrx_word' id='word_1_102' title='bbox 1401 1227 1698 1304; x_wconf 81' lang='lat' dir='ltr'>publicum</span> <span class='ocrx_word' id='word_1_103' title='bbox 1723 1237 1865 1302; x_wconf 72' lang='lat' dir='ltr'>pro·</span> 
     </span>
     <span class='ocr_line' id='line_1_15' title="bbox 163 1306 1864 1387; baseline 0 -24"><span class='ocrx_word' id='word_1_104' title='bbox 163 1325 329 1384; x_wconf 84' lang='lat' dir='ltr'>gres</span> <span class='ocrx_word' id='word_1_105' title='bbox 304 1325 426 1377; x_wconf 87' lang='lat' dir='ltr'>·,us</span> <span class='ocrx_word' id='word_1_106' title='bbox 454 1306 599 1366; x_wconf 77' lang='lat' dir='ltr'>dixit</span> <span class='ocrx_word' id='word_1_107' title='bbox 628 1307 775 1366; x_wconf 87' lang='lat' dir='ltr'>sibi</span> <span class='ocrx_word' id='word_1_108' title='bbox 762 1327 819 1369; x_wconf 87' lang='grc' dir='ltr'>ιιι</span> <span class='ocrx_word' id='word_1_109' title='bbox 848 1310 1049 1387; x_wconf 85' lang='lat' dir='ltr'>quiete</span> <span class='ocrx_word' id='word_1_110' title='bbox 1081 1311 1262 1366; x_wconf 73' lang='lat' dir='ltr'>visam</span> <span class='ocrx_word' id='word_1_111' title='bbox 1292 1325 1423 1366; x_wconf 87' lang='lat' dir='ltr'>esse</span> <span class='ocrx_word' id='word_1_112' title='bbox 1438 1321 1703 1378; x_wconf 83' lang='lat' dir='ltr'>cervam,</span> <span class='ocrx_word' id='word_1_113' title='bbox 1734 1311 1864 1382; x_wconf 68' lang='lat' dir='ltr'>que</span> 
     </span>
     <span class='ocr_line' id='line_1_16' title="bbox 162 1385 1866 1468; baseline 0 -25"><span class='ocrx_word' id='word_1_114' title='bbox 162 1387 451 1468; x_wconf 74' lang='lat' dir='ltr'>perierat,</span> <span class='ocrx_word' id='word_1_115' title='bbox 480 1387 549 1445; x_wconf 88' lang='lat' dir='ltr'>ad</span> <span class='ocrx_word' id='word_1_116' title='bbox 577 1406 643 1446; x_wconf 89' lang='lat' dir='ltr'>se</span> <span class='ocrx_word' id='word_1_117' title='bbox 674 1391 919 1448; x_wconf 80' lang='lat' dir='ltr'>reverti.</span> <span class='ocrx_word' id='word_1_118' title='bbox 980 1387 1166 1448; x_wconf 74' lang='lat' dir='ltr'>Tunc‘</span> <span class='ocrx_word' id='word_1_119' title='bbox 1193 1388 1401 1446; x_wconf 88' lang='lat' dir='ltr'>emissa</span> <span class='ocrx_word' id='word_1_120' title='bbox 1435 1399 1518 1446; x_wconf 77' lang='lat' dir='ltr'>ex</span> <span class='ocrx_word' id='word_1_121' title='bbox 1539 1385 1866 1463; x_wconf 72' lang='lat' dir='ltr'>composito</span> 
     </span>
     <span class='ocr_line' id='line_1_17' title="bbox 165 1467 1867 1545; baseline -0.001 -19"><span class='ocrx_word' id='word_1_122' title='bbox 165 1481 368 1534; x_wconf 83' lang='lat' dir='ltr'>cerva,</span> <span class='ocrx_word' id='word_1_123' title='bbox 396 1467 497 1524; x_wconf 88' lang='lat' dir='ltr'>ubi</span> <span class='ocrx_word' id='word_1_124' title='bbox 528 1469 851 1528; x_wconf 78' lang='lat' dir='ltr'>Sertorium</span> <span class='ocrx_word' id='word_1_125' title='bbox 886 1470 1216 1545; x_wconf 82' lang='lat' dir='ltr'>conspexit,</span> <span class='ocrx_word' id='word_1_126' title='bbox 1245 1470 1379 1526; x_wconf 83' lang='lat' dir='ltr'>laeto</span> <span class='ocrx_word' id='word_1_127' title='bbox 1407 1469 1553 1526; x_wconf 81' lang='lat' dir='ltr'>saltu</span> <span class='ocrx_word' id='word_1_128' title='bbox 1585 1467 1656 1524; x_wconf 88' lang='lat' dir='ltr'>ad</span> <span class='ocrx_word' id='word_1_129' title='bbox 1685 1467 1867 1526; x_wconf 65' lang='lat' dir='ltr'>trilin-</span> 
     </span>
     <span class='ocr_line' id='line_1_18' title="bbox 163 1541 1869 1620; baseline -0.001 -13.996"><span class='ocrx_word' id='word_1_130' title='bbox 163 1547 261 1606; x_wconf 84' lang='lat' dir='ltr'>na!</span> <span class='ocrx_word' id='word_1_131' title='bbox 306 1544 518 1615; x_wconf 83' lang='lat' dir='ltr'>fertur,</span> <span class='ocrx_word' id='word_1_132' title='bbox 548 1567 614 1606; x_wconf 87' lang='lat' dir='ltr'>ac</span> <span class='ocrx_word' id='word_1_133' title='bbox 632 1548 945 1608; x_wconf 78' lang='lat' dir='ltr'>dexteram</span> <span class='ocrx_word' id='word_1_134' title='bbox 980 1547 1240 1608; x_wconf 84' lang='lat' dir='ltr'>sedentis</span> <span class='ocrx_word' id='word_1_135' title='bbox 1289 1561 1394 1606; x_wconf 86' lang='lat' dir='ltr'>ore</span> <span class='ocrx_word' id='word_1_136' title='bbox 1437 1541 1869 1620; x_wconf 68' lang='lat' dir='ltr'>lambit3&#39;u1‘ide</span> 
     </span>
     <span class='ocr_line' id='line_1_19' title="bbox 168 1591 1662 1707; baseline 0.001 -23"><span class='ocrx_word' id='word_1_137' title='bbox 168 1627 399 1685; x_wconf 85' lang='lat' dir='ltr'>elamor</span> <span class='ocrx_word' id='word_1_138' title='bbox 422 1591 631 1696; x_wconf 55' lang='lat' dir='ltr'>factus,</span> <span class='ocrx_word' id='word_1_139' title='bbox 650 1636 899 1707; x_wconf 85' lang='lat' dir='ltr'>ortaque</span> <span class='ocrx_word' id='word_1_140' title='bbox 930 1628 1185 1688; x_wconf 88' lang='lat' dir='ltr'>omnium</span> <span class='ocrx_word' id='word_1_141' title='bbox 1215 1627 1517 1687; x_wconf 75' lang='lat' dir='ltr'>admiratio</span> <span class='ocrx_word' id='word_1_142' title='bbox 1547 1635 1662 1686; x_wconf 86' lang='lat' dir='ltr'>est.</span> 
     </span>
    </p>

    <p class='ocr_par' dir='ltr' id='par_1_5' title="bbox 145 1706 1871 1849">
     <span class='ocr_line' id='line_1_20' title="bbox 145 1706 1871 1787; baseline 0.001 -24"><span class='ocrx_word' id='word_1_143' title='bbox 145 1716 153 1721; x_wconf 84' lang='grc'><em>“</em></span> <span class='ocrx_word' id='word_1_144' title='bbox 249 1706 455 1765; x_wconf 86' lang='lat' dir='ltr'>Victus</span> <span class='ocrx_word' id='word_1_145' title='bbox 485 1710 739 1785; x_wconf 87' lang='lat' dir='ltr'>postea</span> <span class='ocrx_word' id='word_1_146' title='bbox 718 1731 751 1767; x_wconf 86' lang='lat' dir='ltr'>a</span> <span class='ocrx_word' id='word_1_147' title='bbox 778 1710 1062 1787; x_wconf 83' lang='lat' dir='ltr'>Pompeio</span> <span class='ocrx_word' id='word_1_148' title='bbox 1095 1708 1394 1767; x_wconf 83' lang='lat' dir='ltr'>Sertorius</span> <span class='ocrx_word' id='word_1_149' title='bbox 1432 1708 1709 1785; x_wconf 82' lang='lat' dir='ltr'>pristinos</span> <span class='ocrx_word' id='word_1_150' title='bbox 1749 1718 1871 1764; x_wconf 69' lang='lat' dir='ltr'>um·</span> 
     </span>
     <span class='ocr_line' id='line_1_21' title="bbox 168 1780 1871 1858; baseline -0.002 -11"><span class='ocrx_word' id='word_1_151' title='bbox 168 1804 269 1847; x_wconf 78' lang='lat' dir='ltr'>res</span> <span class='ocrx_word' id='word_1_152' title='bbox 298 1788 564 1858; x_wconf 83' lang='lat' dir='ltr'>mutavit,</span> <span class='ocrx_word' id='word_1_153' title='bbox 607 1796 669 1847; x_wconf 89' lang='lat' dir='ltr'>et</span> <span class='ocrx_word' id='word_1_154' title='bbox 706 1790 777 1847; x_wconf 85' lang='lat' dir='ltr'>ad</span> <span class='ocrx_word' id='word_1_155' title='bbox 802 1788 1159 1849; x_wconf 85' lang='lat' dir='ltr'>iracundiam</span> <span class='ocrx_word' id='word_1_156' title='bbox 1203 1780 1466 1847; x_wconf 76' lang='lat' dir='ltr'>deflexit.</span> <span class='ocrx_word' id='word_1_157' title='bbox 1547 1788 1770 1846; x_wconf 86' lang='lat' dir='ltr'>Multos</span> <span class='ocrx_word' id='word_1_158' title='bbox 1799 1786 1871 1843; x_wconf 93' lang='lat' dir='ltr'>ob</span> 
     </span>
    </p>
   </div>
   <div class='ocr_carea' id='block_1_5' title="bbox 148 1865 1980 1945">
    <p class='ocr_par' dir='ltr' id='par_1_6' title="bbox 148 1865 1980 1945">
     <span class='ocr_line' id='line_1_22' title="bbox 148 1865 1980 1945; baseline -0.002 -18"><span class='ocrx_word' id='word_1_159' title='bbox 148 1866 564 1945; x_wconf 80' lang='lat' dir='ltr'>&#39;suspicionem</span> <span class='ocrx_word' id='word_1_160' title='bbox 602 1868 945 1945; x_wconf 84' lang='lat' dir='ltr'>proditionis</span> <span class='ocrx_word' id='word_1_161' title='bbox 974 1867 1300 1927; x_wconf 83' lang='lat' dir='ltr'>crudeliter</span> <span class='ocrx_word' id='word_1_162' title='bbox 1338 1865 1680 1939; x_wconf 81' lang='lat' dir='ltr'>interfecit3</span> <span class='ocrx_word' id='word_1_163' title='bbox 1725 1866 1874 1925; x_wconf 65' lang='lat' dir='ltr'>unde</span> <span class='ocrx_word' id='word_1_164' title='bbox 1979 1871 1980 1918; x_wconf 59' lang='grc' dir='ltr'><strong>ἱ</strong></span> 
     </span>
    </p>
   </div>
   <div class='ocr_carea' id='block_1_6' title="bbox 149 1946 1885 2890">
    <p class='ocr_par' dir='ltr' id='par_1_7' title="bbox 149 1946 1885 2890">
     <span class='ocr_line' id='line_1_23' title="bbox 172 1946 1873 2024; baseline -0.001 -17"><span class='ocrx_word' id='word_1_165' title='bbox 172 1948 309 2007; x_wconf 91' lang='lat' dir='ltr'>odio</span> <span class='ocrx_word' id='word_1_166' title='bbox 336 1965 473 2006; x_wconf 89' lang='lat' dir='ltr'>esse</span> <span class='ocrx_word' id='word_1_167' title='bbox 518 1948 697 2024; x_wconf 85' lang='lat' dir='ltr'>coepit</span> <span class='ocrx_word' id='word_1_168' title='bbox 736 1946 1051 2007; x_wconf 79' lang='lat' dir='ltr'>exercitui.</span> <span class='ocrx_word' id='word_1_169' title='bbox 1143 1948 1388 2007; x_wconf 84' lang='lat' dir='ltr'>Romani</span> <span class='ocrx_word' id='word_1_170' title='bbox 1429 1948 1672 2007; x_wconf 87' lang='lat' dir='ltr'>moleste</span> <span class='ocrx_word' id='word_1_171' title='bbox 1716 1946 1873 2006; x_wconf 72' lang='lat' dir='ltr'>fere·</span> 
     </span>
     <span class='ocr_line' id='line_1_24' title="bbox 168 2026 1874 2105; baseline -0.002 -18"><span class='ocrx_word' id='word_1_172' title='bbox 168 2030 334 2098; x_wconf 87' lang='lat' dir='ltr'>bant,</span> <span class='ocrx_word' id='word_1_173' title='bbox 354 2028 510 2105; x_wconf 73' lang='lat' dir='ltr'>quod</span> <span class='ocrx_word' id='word_1_174' title='bbox 538 2027 812 2105; x_wconf 77' lang='lat' dir='ltr'>Hispanis</span> <span class='ocrx_word' id='word_1_175' title='bbox 832 2031 1011 2105; x_wconf 85' lang='lat' dir='ltr'>magis</span> <span class='ocrx_word' id='word_1_176' title='bbox 1030 2030 1204 2105; x_wconf 64' lang='lat' dir='ltr'>quam</span> <span class='ocrx_word' id='word_1_177' title='bbox 1223 2028 1336 2087; x_wconf 86' lang='lat' dir='ltr'>sibi</span> <span class='ocrx_word' id='word_1_178' title='bbox 1360 2028 1703 2093; x_wconf 81' lang='lat' dir='ltr'>confideret,</span> <span class='ocrx_word' id='word_1_179' title='bbox 1739 2026 1874 2084; x_wconf 80' lang='lat' dir='ltr'>bos·</span> 
     </span>
     <span class='ocr_line' id='line_1_25' title="bbox 174 2108 1873 2187; baseline -0.001 -21"><span class='ocrx_word' id='word_1_180' title='bbox 174 2128 294 2187; x_wconf 85' lang='lat' dir='ltr'>que</span> <span class='ocrx_word' id='word_1_181' title='bbox 325 2108 571 2169; x_wconf 82' lang='lat' dir='ltr'>haberet</span> <span class='ocrx_word' id='word_1_182' title='bbox 620 2109 887 2185; x_wconf 84' lang='lat' dir='ltr'>corporis</span> <span class='ocrx_word' id='word_1_183' title='bbox 908 2109 1204 2169; x_wconf 81' lang='lat' dir='ltr'>custodes.</span> <span class='ocrx_word' id='word_1_184' title='bbox 1291 2108 1356 2166; x_wconf 88' lang='lat' dir='ltr'>ln</span> <span class='ocrx_word' id='word_1_185' title='bbox 1406 2108 1516 2166; x_wconf 66' lang='lat' dir='ltr'>hac</span> <span class='ocrx_word' id='word_1_186' title='bbox 1534 2112 1873 2165; x_wconf 81' lang='lat' dir='ltr'>animorum</span> 
     </span>
     <span class='ocr_line' id='line_1_26' title="bbox 152 2188 1875 2266; baseline -0.002 -19"><span class='ocrx_word' id='word_1_187' title='bbox 152 2188 521 2264; x_wconf 77' lang='lat' dir='ltr'>&#39;oegritudine</span> <span class='ocrx_word' id='word_1_188' title='bbox 550 2208 661 2249; x_wconf 87' lang='lat' dir='ltr'>non</span> <span class='ocrx_word' id='word_1_189' title='bbox 690 2190 1047 2251; x_wconf 86' lang='lat' dir='ltr'>deserebant</span> <span class='ocrx_word' id='word_1_190' title='bbox 1074 2188 1421 2258; x_wconf 85' lang='lat' dir='ltr'>Sertorium,</span> <span class='ocrx_word' id='word_1_191' title='bbox 1449 2206 1624 2266; x_wconf 87' lang='lat' dir='ltr'>quem</span> <span class='ocrx_word' id='word_1_192' title='bbox 1667 2202 1875 2245; x_wconf 80' lang='lat' dir='ltr'>neces-</span> 
     </span>
     <span class='ocr_line' id='line_1_27' title="bbox 181 2267 1875 2346; baseline -0.002 -19"><span class='ocrx_word' id='word_1_193' title='bbox 181 2269 401 2327; x_wconf 86' lang='lat' dir='ltr'>sarium</span> <span class='ocrx_word' id='word_1_194' title='bbox 422 2268 532 2327; x_wconf 87' lang='lat' dir='ltr'>sibi</span> <span class='ocrx_word' id='word_1_195' title='bbox 560 2271 769 2329; x_wconf 86' lang='lat' dir='ltr'>ducem</span> <span class='ocrx_word' id='word_1_196' title='bbox 788 2269 1150 2346; x_wconf 80' lang='lat' dir='ltr'>judicabant,</span> <span class='ocrx_word' id='word_1_197' title='bbox 1176 2269 1278 2326; x_wconf 87' lang='lat' dir='ltr'>sed</span> <span class='ocrx_word' id='word_1_198' title='bbox 1303 2286 1438 2326; x_wconf 88' lang='lat' dir='ltr'>eum</span> <span class='ocrx_word' id='word_1_199' title='bbox 1459 2286 1654 2325; x_wconf 81' lang='lat' dir='ltr'>amare</span> <span class='ocrx_word' id='word_1_200' title='bbox 1685 2267 1875 2325; x_wconf 82' lang='lat' dir='ltr'>desie-</span> 
     </span>
     <span class='ocr_line' id='line_1_28' title="bbox 180 2346 1874 2443; baseline -0.002 -36"><span class='ocrx_word' id='word_1_201' title='bbox 180 2354 327 2407; x_wconf 77' lang='lat' dir='ltr'>rant</span> <span class='ocrx_word' id='word_1_202' title='bbox 422 2346 687 2407; x_wconf 86' lang='lat' dir='ltr'>Deinde&#39;</span> <span class='ocrx_word' id='word_1_203' title='bbox 671 2368 733 2409; x_wconf 88' lang='grc' dir='ltr'>ιιι</span> <span class='ocrx_word' id='word_1_204' title='bbox 760 2348 1050 2427; x_wconf 85' lang='lat' dir='ltr'>Hispanos</span> <span class='ocrx_word' id='word_1_205' title='bbox 1079 2365 1316 2443; x_wconf 86' lang='lat' dir='ltr'>quoque</span> <span class='ocrx_word' id='word_1_206' title='bbox 1337 2347 1526 2407; x_wconf 74' lang='lat' dir='ltr'>saeviit</span> <span class='ocrx_word' id='word_1_207' title='bbox 1555 2346 1874 2415; x_wconf 77' lang='lat' dir='ltr'>Sertorius,</span> 
     </span>
     <span class='ocr_line' id='line_1_29' title="bbox 162 2426 1878 2522; baseline -0.002 -35"><span class='ocrx_word' id='word_1_208' title='bbox 162 2427 385 2522; x_wconf 70' lang='lat' dir='ltr'>quod</span> <span class='ocrx_word' id='word_1_209' title='bbox 369 2426 411 2485; x_wconf 84' lang='grc' dir='ltr'>ιί</span> <span class='ocrx_word' id='word_1_210' title='bbox 438 2428 655 2488; x_wconf 86' lang='lat' dir='ltr'>tributa</span> <span class='ocrx_word' id='word_1_211' title='bbox 673 2450 787 2488; x_wconf 87' lang='lat' dir='ltr'>non</span> <span class='ocrx_word' id='word_1_212' title='bbox 798 2432 1172 2501; x_wconf 20' lang='lat' dir='ltr'>wtolerarent</span> <span class='ocrx_word' id='word_1_213' title='bbox 1193 2428 1342 2505; x_wconf 85' lang='lat' dir='ltr'>ipse</span> <span class='ocrx_word' id='word_1_214' title='bbox 1365 2427 1538 2486; x_wconf 85' lang='lat' dir='ltr'>etiam</span> <span class='ocrx_word' id='word_1_215' title='bbox 1557 2426 1878 2496; x_wconf 82' lang='lat' dir='ltr'>Sertorius,</span> 
     </span>
     <span class='ocr_line' id='line_1_30' title="bbox 188 2506 1880 2599; baseline -0.002 -30"><span class='ocrx_word' id='word_1_216' title='bbox 188 2508 347 2569; x_wconf 70' lang='lat' dir='ltr'>curis</span> <span class='ocrx_word' id='word_1_217' title='bbox 360 2506 481 2599; x_wconf 69' lang='lat' dir='ltr'>jain</span> <span class='ocrx_word' id='word_1_218' title='bbox 512 2515 572 2566; x_wconf 89' lang='lat' dir='ltr'>et</span> <span class='ocrx_word' id='word_1_219' title='bbox 606 2510 904 2568; x_wconf 79' lang='lat' dir='ltr'>laboribus</span> <span class='ocrx_word' id='word_1_220' title='bbox 930 2508 1142 2576; x_wconf 82' lang='lat' dir='ltr'>fessus,</span> <span class='ocrx_word' id='word_1_221' title='bbox 1170 2508 1238 2566; x_wconf 87' lang='lat' dir='ltr'>ad</span> <span class='ocrx_word' id='word_1_222' title='bbox 1267 2507 1536 2566; x_wconf 86' lang='lat' dir='ltr'>obeunda</span> <span class='ocrx_word' id='word_1_223' title='bbox 1562 2507 1730 2565; x_wconf 85' lang='lat' dir='ltr'>ducis</span> <span class='ocrx_word' id='word_1_224' title='bbox 1757 2524 1880 2565; x_wconf 80' lang='lat' dir='ltr'>mu-</span> 
     </span>
     <span class='ocr_line' id='line_1_31' title="bbox 156 2586 1884 2661; baseline -0.002 -13"><span class='ocrx_word' id='word_1_225' title='bbox 156 2606 165 2615; x_wconf 81' lang='lat'>‘</span> <span class='ocrx_word' id='word_1_226' title='bbox 189 2590 289 2649; x_wconf 84' lang='lat' dir='ltr'>nia</span> <span class='ocrx_word' id='word_1_227' title='bbox 312 2588 569 2661; x_wconf 82' lang='lat' dir='ltr'>segnior,</span> <span class='ocrx_word' id='word_1_228' title='bbox 595 2589 668 2645; x_wconf 82' lang='lat' dir='ltr'>ad</span> <span class='ocrx_word' id='word_1_229' title='bbox 690 2588 891 2647; x_wconf 82' lang='lat' dir='ltr'>luxum</span> <span class='ocrx_word' id='word_1_230' title='bbox 910 2598 972 2647; x_wconf 89' lang='lat' dir='ltr'>et</span> <span class='ocrx_word' id='word_1_231' title='bbox 990 2588 1256 2647; x_wconf 85' lang='lat' dir='ltr'>libidines</span> <span class='ocrx_word' id='word_1_232' title='bbox 1285 2586 1615 2645; x_wconf 80' lang='lat' dir='ltr'>declinavit</span> <span class='ocrx_word' id='word_1_233' title='bbox 1657 2588 1884 2658; x_wconf 72' lang='lat' dir='ltr'>Quare,</span> 
     </span>
     <span class='ocr_line' id='line_1_32' title="bbox 149 2667 1885 2747; baseline -0.001 -21"><span class='ocrx_word' id='word_1_234' title='bbox 149 2668 454 2726; x_wconf 85' lang='lat' dir='ltr'>·alienatis</span> <span class='ocrx_word' id='word_1_235' title='bbox 500 2668 751 2726; x_wconf 85' lang='lat' dir='ltr'>omnium</span> <span class='ocrx_word' id='word_1_236' title='bbox 780 2669 1005 2739; x_wconf 86' lang='lat' dir='ltr'>animis,</span> <span class='ocrx_word' id='word_1_237' title='bbox 1023 2669 1188 2747; x_wconf 79' lang='lat' dir='ltr'>jussa</span> <span class='ocrx_word' id='word_1_238' title='bbox 1224 2667 1596 2745; x_wconf 84' lang='lat' dir='ltr'>imperatoris</span> <span class='ocrx_word' id='word_1_239' title='bbox 1621 2672 1885 2726; x_wconf 70' lang='lat' dir='ltr'>contem-</span> 
     </span>
     <span class='ocr_line' id='line_1_33' title="bbox 186 2747 1883 2826; baseline 0 -21"><span class='ocrx_word' id='word_1_240' title='bbox 186 2748 521 2819; x_wconf 75' lang='lat' dir='ltr'>nebantur3</span> <span class='ocrx_word' id='word_1_241' title='bbox 562 2747 789 2806; x_wconf 86' lang='lat' dir='ltr'>tandem</span> <span class='ocrx_word' id='word_1_242' title='bbox 814 2747 965 2805; x_wconf 59' lang='lat' dir='ltr'>facta</span> <span class='ocrx_word' id='word_1_243' title='bbox 988 2748 1266 2807; x_wconf 79' lang='lat' dir='ltr'>adversus</span> <span class='ocrx_word' id='word_1_244' title='bbox 1293 2766 1425 2807; x_wconf 81' lang='lat' dir='ltr'>eum</span> <span class='ocrx_word' id='word_1_245' title='bbox 1452 2747 1883 2826; x_wconf 81' lang='lat' dir='ltr'>conjuratione,</span> 
     </span>
     <span class='ocr_line' id='line_1_34' title="bbox 188 2818 1683 2890; baseline 0.004 -7"><span class='ocrx_word' id='word_1_246' title='bbox 188 2818 521 2887; x_wconf 77' lang='lat' dir='ltr'>&#39;Sertorius</span> <span class='ocrx_word' id='word_1_247' title='bbox 505 2844 567 2887; x_wconf 87' lang='grc' dir='ltr'>ιιι</span> <span class='ocrx_word' id='word_1_248' title='bbox 585 2826 857 2887; x_wconf 82' lang='lat' dir='ltr'>convivio</span> <span class='ocrx_word' id='word_1_249' title='bbox 878 2827 912 2887; x_wconf 85' lang='lat' dir='ltr'>a</span> <span class='ocrx_word' id='word_1_250' title='bbox 937 2827 1056 2888; x_wconf 83' lang='lat' dir='ltr'>suis</span> <span class='ocrx_word' id='word_1_251' title='bbox 1079 2837 1171 2889; x_wconf 88' lang='lat' dir='ltr'>est</span> <span class='ocrx_word' id='word_1_252' title='bbox 1195 2827 1562 2890; x_wconf 81' lang='lat' dir='ltr'>interfectus.</span> <span class='ocrx_word' id='word_1_253' title='bbox 1669 2842 1683 2849; x_wconf 73' lang='grc'><strong>“</strong></span> 
     </span>
    </p>
   </div>
  </div>
 </body>
</html>
